@inproceedings{heinrich2022airguard,
  title={AirGuard-protecting android users from stalking attacks by apple find my devices},
  author={Heinrich, Alexander and Bittner, Niklas and Hollick, Matthias},
  booktitle={Proceedings of the 15th ACM Conference on Security and Privacy in Wireless and Mobile Networks},
  pages={26--38},
  year={2022}
}

@article{turk2023stop,
  title={Stop Following Me! Evaluating the Effectiveness of Anti-Stalking Features of Personal Item Tracking Devices},
  author={Turk, Kieron Ivy and Hutchings, Alice},
  journal={arXiv preprint arXiv:2312.07157},
  year={2023}
}

@inproceedings{conklin2025bl,
  title={BL (u) E CRAB: A User-Centric Framework for Identifying Suspicious Bluetooth Trackers},
  author={Conklin, Dylan and Pappachan, Primal and Yus, Roberto},
  booktitle={2025 IEEE International Conference on Pervasive Computing and Communications Workshops and other Affiliated Events (PerCom Workshops)},
  pages={570--572},
  year={2025},
  organization={IEEE Computer Society}
}
@article{rescor2023def,
  title={Defending against Bluetooth tracker abuse: itâ€™s complicated},
  author={Eric Rescorla},
  journal={Educated Guesswork},
  year={2023}
}
@inproceedings{briggs2022ble,
  title={Ble-doubt: Smartphone-based detection of malicious bluetooth trackers},
  author={Briggs, Jimmy and Geeng, Christine},
  booktitle={2022 IEEE Security and Privacy Workshops (SPW)},
  pages={208--214},
  year={2022},
  organization={IEEE}
}
